<?xml version="1.0" encoding="utf-8"?>
<record xmlns="http://www.loc.gov/MARC21/slim" xmlns:xsi="http://www.w3.org/2001/XMLSchema-instance" xsi:schemaLocation="http://www.loc.gov/MARC21/slim http://www.loc.gov/standards/marcxml/schema/MARC21slim.xsd">
	<leader>     nam a22        4500</leader>
	<controlfield tag="001">3072837</controlfield>
	<controlfield tag="003">NNC</controlfield>
	<controlfield tag="006">m        d        </controlfield>
	<controlfield tag="007">cr cn |||m|||a</controlfield>
	<controlfield tag="008">150603s1936    le h    ob    001 0carard</controlfield>
	<datafield ind1=" " ind2=" " tag="040">
		<subfield code="a">NNU</subfield>
		<subfield code="b">eng</subfield>
		<subfield code="e">rda</subfield>
		<subfield code="c">NNU</subfield>
	</datafield>
	<datafield ind1="0" ind2=" " tag="041">
		<subfield code="a">ara</subfield>
		<subfield code="a">fre</subfield>
	</datafield>
	<datafield ind1=" " ind2=" " tag="043">
		<subfield code="a">a-iq---</subfield>
	</datafield>
	<datafield ind1=" " ind2="4" tag="050">
		<subfield code="a">PJ6068.I7</subfield>
		<subfield code="b">S5 1936</subfield>
	</datafield>
	<datafield ind1="0" ind2=" " tag="092">
		<subfield code="a">492.7092</subfield>
		<subfield code="2">21</subfield>
	</datafield>
	<datafield ind1="1" ind2=" " tag="100">
		<subfield code="6">880-01</subfield>
		<subfield code="a">Sīrāfī, al-Ḥasan ibn ʻAbd Allāh,</subfield>
		<subfield code="d">approximately 893-approximately 979.</subfield>
	</datafield>
	<datafield ind1="1" ind2="0" tag="240">
		<subfield code="6">880-02</subfield>
		<subfield code="a">Akhbār al-naḥwīyīn al-Baṣrīyīn</subfield>
	</datafield>
	<datafield ind1="1" ind2="0" tag="245">
		<subfield code="6">880-03</subfield>
		<subfield code="a">Kitāb Akhbār al-naḥwīyīn al-Baṣrīyīn /</subfield>
		<subfield code="c">taʼlīf Abī Saʻīd al-Ḥasan ibn ʻAbd Allāh al-Sīrāfī ; iʻtaná bi-nashrih wa-tahdhībih Frītis Karankaw.</subfield>
	</datafield>
	<datafield ind1="1" ind2=" " tag="246">
		<subfield code="i">Title on added t.p.:</subfield>
		<subfield code="a">Biographies des grammairiens de l'école de Basra</subfield>
	</datafield>
	<datafield ind1=" " ind2=" " tag="260">
		<subfield code="6">880-04</subfield>
		<subfield code="a">Bayrūt :</subfield>
		<subfield code="b">Al-Maṭbaʻah al-Kāthūlīkīyah ;</subfield>
		<subfield code="a">Pārīs :</subfield>
		<subfield code="b">Pawl Guthnar,</subfield>
		<subfield code="c">1936.</subfield>
	</datafield>
	<datafield ind1=" " ind2=" " tag="300">
		<subfield code="a">online resource (116, ix pages) :</subfield>
		<subfield code="b">facsimiles</subfield>
	</datafield>
	<datafield ind1=" " ind2=" " tag="336">
		<subfield code="a">text</subfield>
		<subfield code="2">rdacontent</subfield>
	</datafield>
	<datafield ind1=" " ind2=" " tag="337">
		<subfield code="a">computer</subfield>
		<subfield code="2">rdamedia</subfield>
	</datafield>
	<datafield ind1=" " ind2=" " tag="338">
		<subfield code="a">online resource</subfield>
		<subfield code="2">rdacarrier</subfield>
	</datafield>
	<datafield ind1="1" ind2=" " tag="490">
		<subfield code="6">880-05</subfield>
		<subfield code="a">Khizānat al-kutub al-ʻArabīyah ;</subfield>
		<subfield code="v">9</subfield>
	</datafield>
	<datafield ind1="1" ind2=" " tag="490">
		<subfield code="6">880-06</subfield>
		<subfield code="a">Nasharāt Maʻhad al-Mabāḥith al-Sharqīyah bi-al-Jazāʼir</subfield>
	</datafield>
	<datafield ind1=" " ind2=" " tag="500">
		<subfield code="a">Part of the Arabic Collections Online (ACO) project, contributed by Columbia University Libraries.</subfield>
	</datafield>
	<datafield ind1=" " ind2=" " tag="533">
		<subfield code="a">Electronic reproduction.</subfield>
		<subfield code="b">New York, N.Y. :</subfield>
		<subfield code="c">New York University,</subfield>
		<subfield code="d">2015.</subfield>
		<subfield code="5">NNU</subfield>
	</datafield>
	<datafield ind1=" " ind2=" " tag="546">
		<subfield code="a">Introd. in French.</subfield>
	</datafield>
	<datafield ind1=" " ind2=" " tag="500">
		<subfield code="a">Series on added t.p.: Bibliotheca arabica / publiée par l'Institut d'études orientales, Faculté des lettres d'Alger.</subfield>
	</datafield>
	<datafield ind1=" " ind2=" " tag="504">
		<subfield code="a">Includes bibliographical references.</subfield>
	</datafield>
	<datafield ind1=" " ind2="0" tag="650">
		<subfield code="a">Arabic language</subfield>
		<subfield code="x">Study and teaching</subfield>
		<subfield code="z">Iraq</subfield>
		<subfield code="z">Baṣrah</subfield>
		<subfield code="x">History.</subfield>
	</datafield>
	<datafield ind1=" " ind2="7" tag="650">
		<subfield code="a">Grammairiens</subfield>
		<subfield code="z">Irak</subfield>
		<subfield code="z">Basra</subfield>
		<subfield code="v">Biographie.</subfield>
		<subfield code="2">ram</subfield>
	</datafield>
	<datafield ind1=" " ind2="7" tag="650">
		<subfield code="a">École de Baṣra (grammaire)</subfield>
		<subfield code="x">Histoire.</subfield>
		<subfield code="2">ram</subfield>
	</datafield>
	<datafield ind1=" " ind2="7" tag="650">
		<subfield code="a">Arabic language</subfield>
		<subfield code="x">Study and teaching.</subfield>
		<subfield code="2">fast</subfield>
		<subfield code="0">(OCoLC)fst00812429</subfield>
	</datafield>
	<datafield ind1=" " ind2="7" tag="651">
		<subfield code="a">Iraq</subfield>
		<subfield code="z">Baṣrah.</subfield>
		<subfield code="2">fast</subfield>
		<subfield code="0">(OCoLC)fst01210191</subfield>
	</datafield>
	<datafield ind1=" " ind2="7" tag="655">
		<subfield code="a">History.</subfield>
		<subfield code="2">fast</subfield>
		<subfield code="0">(OCoLC)fst01411628</subfield>
	</datafield>
	<datafield ind1="1" ind2=" " tag="700">
		<subfield code="6">880-07</subfield>
		<subfield code="a">Krenkow, F.</subfield>
		<subfield code="q">(Fritz),</subfield>
		<subfield code="d">1872-1953.</subfield>
	</datafield>
	<datafield ind1="2" ind2=" " tag="710">
		<subfield code="a">Columbia University.</subfield>
		<subfield code="b">Libraries.</subfield>
	</datafield>
	<datafield ind1="0" ind2=" " tag="730">
		<subfield code="a">Arabic Collections Online.</subfield>
	</datafield>
	<datafield ind1="0" ind2="8" tag="776">
		<subfield code="i">Online version:</subfield>
		<subfield code="a">Sīrāfī, al-Ḥasan ibn ʻAbd Allāh, approximately 893-approximately 979.</subfield>
		<subfield code="s">Akhbār al-naḥwīyīn al-Baṣrīyīn.</subfield>
		<subfield code="t">Kitāb Akhbār al-naḥwīyīn al-Baṣrīyīn.</subfield>
		<subfield code="d">Bayrūt : Al-Maṭbaʻah al-Kāthūlīkīyah ; Pārīs : Pawl Guthnar, 1936</subfield>
		<subfield code="w">(OCoLC)590316159</subfield>
	</datafield>
	<datafield ind1="0" ind2="8" tag="776">
		<subfield code="i">Online version:</subfield>
		<subfield code="a">Sīrāfī, al-Ḥasan ibn ʻAbd Allāh, approximately 893-approximately 979.</subfield>
		<subfield code="s">Akhbār al-naḥwīyīn al-Baṣrīyīn.</subfield>
		<subfield code="t">Kitāb Akhbār al-naḥwīyīn al-Baṣrīyīn.</subfield>
		<subfield code="d">Bayrūt : Al-Maṭbaʻah al-Kāthūlīkīyah ; Pārīs : Pawl Guthnar, 1936</subfield>
		<subfield code="w">(OCoLC)616367458</subfield>
	</datafield>
	<datafield ind1="0" ind2="8" tag="776">
		<subfield code="i">Print version:</subfield>
		<subfield code="a">Sīrāfī, al-Ḥasan ibn ʻAbd Allāh, approximately 893-approximately 979.</subfield>
		<subfield code="t">Kitāb Akhbār al-naḥwīyīn al-Baṣrīyīn</subfield>
		<subfield code="w">(NNC)3072837</subfield>
		<subfield code="w">(OCoLC)9114736</subfield>
	</datafield>
	<datafield ind1=" " ind2="0" tag="830">
		<subfield code="6">880-08</subfield>
		<subfield code="a">Khizānat al-kutub al-ʻArabīyah ;</subfield>
		<subfield code="v">9.</subfield>
	</datafield>
	<datafield ind1=" " ind2="0" tag="830">
		<subfield code="6">880-09</subfield>
		<subfield code="a">Nasharāt Maʻhad al-Mabāḥith al-Sharqīyah bi-al-Jazāʼir</subfield>
	</datafield>
	<datafield ind1="4" ind2="0" tag="856">
		<subfield code="u">http://hdl.handle.net/2333.1/jh9w0z6b</subfield>
	</datafield>
	<datafield ind1="1" ind2=" " tag="880">
		<subfield code="6">100-01/r</subfield>
		<subfield code="a">سيرافي، الحسن بن عبد الله،</subfield>
		<subfield code="d">approximately 893-approximately 979.</subfield>
	</datafield>
	<datafield ind1="1" ind2="0" tag="880">
		<subfield code="6">240-02/r</subfield>
		<subfield code="a">أخبار النحويين البصريين</subfield>
	</datafield>
	<datafield ind1="1" ind2="0" tag="880">
		<subfield code="6">245-03/r</subfield>
		<subfield code="a">كتاب أخبار النحويين البصريين /</subfield>
		<subfield code="c">تأليف أبي سعيد الحسن بن عبد الله السيرافي ؛ إعتنى بنشره وتهذيبه فريتس كرنكو.</subfield>
	</datafield>
	<datafield ind1=" " ind2=" " tag="880">
		<subfield code="6">260-04/r</subfield>
		<subfield code="a">بيروت :</subfield>
		<subfield code="b">المطبعة الكاثوليكية ؛</subfield>
		<subfield code="a">پاريس :</subfield>
		<subfield code="b">پول گثنر،</subfield>
		<subfield code="c">1936.</subfield>
	</datafield>
	<datafield ind1="1" ind2=" " tag="880">
		<subfield code="6">490-05/r</subfield>
		<subfield code="a">خزانة الكتب العربية ؛</subfield>
		<subfield code="v">9</subfield>
	</datafield>
	<datafield ind1="1" ind2=" " tag="880">
		<subfield code="6">490-06/r</subfield>
		<subfield code="a">نشرات معهد المباحث الشرقية بالجزائر'</subfield>
	</datafield>
	<datafield ind1="1" ind2=" " tag="880">
		<subfield code="6">700-07/r</subfield>
		<subfield code="a">كرنكو، فريتس،,</subfield>
		<subfield code="d">1872-1953.</subfield>
	</datafield>
	<datafield ind1=" " ind2="0" tag="880">
		<subfield code="6">830-08/r</subfield>
		<subfield code="a">خزانة الكتب العربية ؛</subfield>
		<subfield code="v">9.</subfield>
	</datafield>
	<datafield ind1=" " ind2="0" tag="880">
		<subfield code="6">830-09/r</subfield>
		<subfield code="a">نشرات معهد المباحث الشرقية بالجزائر</subfield>
	</datafield>
	<datafield ind1=" " ind2=" " tag="959">
		<subfield code="a">NNU</subfield>
		<subfield code="b">WEB</subfield>
		<subfield code="c">GENI</subfield>
		<subfield code="t">0</subfield>
		<subfield code="m">Electronic access</subfield>
		<subfield code="s">01</subfield>
	</datafield>
	<datafield ind1=" " ind2=" " tag="999">
		<subfield code="i">NNC_3072837</subfield>
		<subfield code="o">(OCoLC)ocm09114736</subfield>
		<subfield code="s">columbia_aco000558</subfield>
		<subfield code="e">(ERROR-880)</subfield>
		<subfield code="s">columbia_aco000558</subfield>
	</datafield>
</record>
